@INPROCEEDINGS{EARS,
author={A. Mavin and P. Wilkinson and A. Harwood and M. Novak},
booktitle={2009 17th IEEE International Requirements Engineering Conference},
title={Easy Approach to Requirements Syntax (EARS)},
year={2009},
pages={317-322},
doi={10.1109/RE.2009.9},
ISSN={1090-705X},
month={Aug},}

@Misc{EARSProject,
  title        = {EARS-CTRL GitHub project},
  howpublished = {\url{https://github.com/saadbinabid1/EARS-CTRLReqAnalysis/}}
}

@Misc{MatlabSimulink,
  title        = {Mathworks tool suite},
  howpublished = {\url{https://de.mathworks.com/}}
}

@Misc{mps,
  title        = {Meta Programming System},
  howpublished = {\url{https://www.jetbrains.com/mps/}}
}

@Misc{soley,
  title        = {Soley Tool Suite},
  howpublished = {\url{https://www.soley.io/}}
}

@INPROCEEDINGS{MIRA13, 
author={S. Teufl and D. Mou and D. Ratiu}, 
booktitle={2013 21st IEEE International Requirements Engineering Conference (RE)}, 
title={MIRA: A tooling-framework to experiment with model-based requirements engineering},
month={July},
year={2013}, 
pages={330-331}
}

@inproceedings{AF315,
  author    = {Vincent Aravantinos and
               Sebastian Voss and
               Sabine Teufl and
               Florian H{\"{o}}lzl and
               Bernhard Sch{\"{a}}tz},
  title     = {{AutoFOCUS 3: Tooling Concepts for Seamless, Model-based Development
               of Embedded Systems}},
  booktitle = {{ACES-MB} (co-located with {MoDELS})},
  pages     = {19--26},
  year      = {2015}
} 

@inproceedings{DBLP:conf/models/WhittleHRBH13,
  author    = {Jon Whittle and
               John Edward Hutchinson and
               Mark Rouncefield and
               H{\aa}kan Burden and
               Rogardt Heldal},
  title     = {Industrial Adoption of Model-Driven Engineering: Are the Tools Really
               the Problem?},
  booktitle = {Model-Driven Engineering Languages and Systems - 16th International
               Conference, {MODELS} 2013, Miami, FL, USA, September 29 - October
               4, 2013. Proceedings},
  pages     = {1--17},
  year      = {2013},
  crossref  = {DBLP:conf/models/2013},
  url       = {http://dx.doi.org/10.1007/978-3-642-41533-3_1},
  doi       = {10.1007/978-3-642-41533-3_1},
  timestamp = {Tue, 23 Aug 2016 16:59:16 +0200},
  biburl    = {http://dblp.uni-trier.de/rec/bib/conf/models/WhittleHRBH13},
  bibsource = {dblp computer science bibliography, http://dblp.org}
}

@proceedings{DBLP:conf/models/2013,
  editor    = {Ana Moreira and
               Bernhard Sch{\"{a}}tz and
               Jeff Gray and
               Antonio Vallecillo and
               Peter J. Clarke},
  title     = {Model-Driven Engineering Languages and Systems - 16th International
               Conference, {MODELS} 2013, Miami, FL, USA, September 29 - October
               4, 2013. Proceedings},
  series    = {Lecture Notes in Computer Science},
  volume    = {8107},
  publisher = {Springer},
  year      = {2013},
  url       = {http://dx.doi.org/10.1007/978-3-642-41533-3},
  doi       = {10.1007/978-3-642-41533-3},
  isbn      = {978-3-642-41532-6},
  timestamp = {Sun, 22 Sep 2013 21:27:29 +0200},
  biburl    = {http://dblp.uni-trier.de/rec/bib/conf/models/2013},
  bibsource = {dblp computer science bibliography, http://dblp.org}
}


@inproceedings{DBLP:conf/oopsla/EysholdtB10,
  author    = {Moritz Eysholdt and
               Heiko Behrens},
  title     = {Xtext: implement your language faster than the quick and dirty way},
  booktitle = {Companion to the 25th Annual {ACM} {SIGPLAN} Conference on Object-Oriented
               Programming, Systems, Languages, and Applications, {SPLASH/OOPSLA}
               2010, October 17-21, 2010, Reno/Tahoe, Nevada, {USA}},
  pages     = {307--309},
  year      = {2010},
  crossref  = {DBLP:conf/oopsla/2010c},
  url       = {http://doi.acm.org/10.1145/1869542.1869625},
  doi       = {10.1145/1869542.1869625},
  timestamp = {Wed, 27 Oct 2010 14:05:25 +0200},
  biburl    = {http://dblp.uni-trier.de/rec/bib/conf/oopsla/EysholdtB10},
  bibsource = {dblp computer science bibliography, http://dblp.org}
}

@proceedings{DBLP:conf/oopsla/2010c,
  editor    = {William R. Cook and
               Siobh{\'{a}}n Clarke and
               Martin C. Rinard},
  title     = {Companion to the 25th Annual {ACM} {SIGPLAN} Conference on Object-Oriented
               Programming, Systems, Languages, and Applications, {SPLASH/OOPSLA}
               2010, October 17-21, 2010, Reno/Tahoe, Nevada, {USA}},
  publisher = {{ACM}},
  year      = {2010},
  isbn      = {978-1-4503-0240-1},
  timestamp = {Wed, 27 Oct 2010 13:57:28 +0200},
  biburl    = {http://dblp.uni-trier.de/rec/bib/conf/oopsla/2010c},
  bibsource = {dblp computer science bibliography, http://dblp.org}
}

@inproceedings{DBLP:conf/asplos/HauswaldLZLRKDM15,
  author    = {Johann Hauswald and
               Michael A. Laurenzano and
               Yunqi Zhang and
               Cheng Li and
               Austin Rovinski and
               Arjun Khurana and
               Ronald G. Dreslinski and
               Trevor N. Mudge and
               Vinicius Petrucci and
               Lingjia Tang and
               Jason Mars},
  title     = {Sirius: An Open End-to-End Voice and Vision Personal Assistant and
               Its Implications for Future Warehouse Scale Computers},
  booktitle = {Proceedings of the Twentieth International Conference on Architectural
               Support for Programming Languages and Operating Systems, {ASPLOS}
               '15, Istanbul, Turkey, March 14-18, 2015},
  pages     = {223--238},
  year      = {2015},
  crossref  = {DBLP:conf/asplos/2015},
  url       = {http://doi.acm.org/10.1145/2694344.2694347},
  doi       = {10.1145/2694344.2694347},
  timestamp = {Thu, 26 Feb 2015 17:21:18 +0100},
  biburl    = {http://dblp.uni-trier.de/rec/bib/conf/asplos/HauswaldLZLRKDM15},
  bibsource = {dblp computer science bibliography, http://dblp.org}
}

@proceedings{DBLP:conf/asplos/2015,
  editor    = {{\"{O}}zcan {\"{O}}zturk and
               Kemal Ebcioglu and
               Sandhya Dwarkadas},
  title     = {Proceedings of the Twentieth International Conference on Architectural
               Support for Programming Languages and Operating Systems, {ASPLOS}
               '15, Istanbul, Turkey, March 14-18, 2015},
  publisher = {{ACM}},
  year      = {2015},
  url       = {http://dl.acm.org/citation.cfm?id=2694344},
  isbn      = {978-1-4503-2835-7},
  timestamp = {Thu, 26 Feb 2015 17:03:07 +0100},
  biburl    = {http://dblp.uni-trier.de/rec/bib/conf/asplos/2015},
  bibsource = {dblp computer science bibliography, http://dblp.org}
}

@inproceedings{DBLP:conf/sle/Tolvanen16,
  author    = {Juha{-}Pekka Tolvanen},
  title     = {MetaEdit+ for collaborative language engineering and language use
               (tool demo)},
  booktitle = {Proceedings of the 2016 {ACM} {SIGPLAN} International Conference on
               Software Language Engineering, Amsterdam, The Netherlands, October
               31 - November 1, 2016},
  pages     = {41--45},
  year      = {2016},
  crossref  = {DBLP:conf/sle/2016},
  url       = {http://dl.acm.org/citation.cfm?id=2997379},
  timestamp = {Fri, 02 Dec 2016 11:57:01 +0100},
  biburl    = {http://dblp.uni-trier.de/rec/bib/conf/sle/Tolvanen16},
  bibsource = {dblp computer science bibliography, http://dblp.org}
}
@proceedings{DBLP:conf/sle/2016,
  editor    = {Tijs van der Storm and
               Emilie Balland and
               D{\'{a}}niel Varr{\'{o}}},
  title     = {Proceedings of the 2016 {ACM} {SIGPLAN} International Conference on
               Software Language Engineering, Amsterdam, The Netherlands, October
               31 - November 1, 2016},
  publisher = {{ACM}},
  year      = {2016},
  url       = {http://doi.acm.org/10.1145/2997364},
  doi       = {10.1145/2997364},
  isbn      = {978-1-4503-4447-0},
  timestamp = {Fri, 02 Dec 2016 11:24:40 +0100},
  biburl    = {http://dblp.uni-trier.de/rec/bib/conf/sle/2016},
  bibsource = {dblp computer science bibliography, http://dblp.org}
}

@inproceedings{DBLP:conf/pppj/PechSV13,
  author    = {Vaclav Pech and
               Alex Shatalin and
               Markus Voelter},
  title     = {JetBrains {MPS} as a tool for extending Java},
  booktitle = {Proceedings of the 2013 International Conference on Principles and
               Practices of Programming on the Java Platform: Virtual Machines, Languages,
               and Tools, Stuttgart, Germany, September 11-13, 2013},
  pages     = {165--168},
  year      = {2013},
  crossref  = {DBLP:conf/pppj/2013},
  url       = {http://doi.acm.org/10.1145/2500828.2500846},
  doi       = {10.1145/2500828.2500846},
  timestamp = {Mon, 02 Sep 2013 21:13:16 +0200},
  biburl    = {http://dblp.uni-trier.de/rec/bib/conf/pppj/PechSV13},
  bibsource = {dblp computer science bibliography, http://dblp.org}
}
@proceedings{DBLP:conf/pppj/2013,
  editor    = {Martin Pl{\"{u}}micke and
               Walter Binder},
  title     = {Proceedings of the 2013 International Conference on Principles and
               Practices of Programming on the Java Platform: Virtual Machines, Languages,
               and Tools, Stuttgart, Germany, September 11-13, 2013},
  publisher = {{ACM}},
  year      = {2013},
  url       = {http://dl.acm.org/citation.cfm?id=2500828},
  isbn      = {978-1-4503-2111-2},
  timestamp = {Mon, 02 Sep 2013 21:13:16 +0200},
  biburl    = {http://dblp.uni-trier.de/rec/bib/conf/pppj/2013},
  bibsource = {dblp computer science bibliography, http://dblp.org}
}

@inproceedings{DBLP:conf/vamos/BayhaLAMI16,
  author    = {Andreas Bayha and
               Levi L{\'{u}}cio and
               Vincent Aravantinos and
               Kenji Miyamoto and
               Georgeta Igna},
  title     = {Factory Product Lines: Tackling the Compatibility Problem},
  booktitle = {Proceedings of the Tenth International Workshop on Variability Modelling
               of Software-intensive Systems, Salvador, Brazil, January 27 - 29,
               2016},
  pages     = {57--64},
  year      = {2016},
  crossref  = {DBLP:conf/vamos/2016},
  url       = {http://doi.acm.org/10.1145/2866614.2866623},
  doi       = {10.1145/2866614.2866623},
  timestamp = {Tue, 31 Jan 2017 13:03:24 +0100},
  biburl    = {http://dblp.uni-trier.de/rec/bib/conf/vamos/BayhaLAMI16},
  bibsource = {dblp computer science bibliography, http://dblp.org}
}
@proceedings{DBLP:conf/vamos/2016,
  editor    = {Ina Schaefer and
               Vander Alves and
               Eduardo Santana de Almeida},
  title     = {Proceedings of the Tenth International Workshop on Variability Modelling
               of Software-intensive Systems, Salvador, Brazil, January 27 - 29,
               2016},
  publisher = {{ACM}},
  year      = {2016},
  url       = {http://doi.acm.org/10.1145/2866614},
  doi       = {10.1145/2866614},
  isbn      = {978-1-4503-4019-9},
  timestamp = {Tue, 31 Jan 2017 13:03:24 +0100},
  biburl    = {http://dblp.uni-trier.de/rec/bib/conf/vamos/2016},
  bibsource = {dblp computer science bibliography, http://dblp.org}
}

@book{CESAR,
  editor = {Rajan, Ajitha and Wahl, Thomas},
  title = {CESAR - Cost-efficient Methods and Processes for Safety-relevant Embedded Systems},
  publisher ={Springer},
  year={2013}
}

@book{DBLP:books/sp/pohl12,
  editor    = {Klaus Pohl and
               Harald H{\"{o}}nninger and
               Reinhold Achatz and
               Manfred Broy},
  title     = {Model-Based Engineering of Embedded Systems, The {SPES} 2020 Methodology},
  publisher = {Springer},
  year      = {2012},
  url       = {http://dx.doi.org/10.1007/978-3-642-34614-9},
  doi       = {10.1007/978-3-642-34614-9},
  isbn      = {978-3-642-34613-2},
  timestamp = {Thu, 22 Aug 2013 20:12:05 +0200},
  biburl    = {http://dblp2.uni-trier.de/rec/bib/books/sp/pohl12},
  bibsource = {dblp computer science bibliography, http://dblp.org}
}

@book{DBLP:books/sp/spes2016,
  editor    = {Klaus Pohl and
               Manfred Broy and
               Heinrich Daembkes and
               Harald H{\"{o}}nninger},
  title     = {Advanced Model-Based Engineering of Embedded Systems, Extensions of
               the {SPES} 2020 Methodology},
  publisher = {Springer},
  year      = {2016},
  url       = {http://dx.doi.org/10.1007/978-3-319-48003-9},
  doi       = {10.1007/978-3-319-48003-9},
  isbn      = {978-3-319-48002-2},
  timestamp = {Mon, 20 Feb 2017 16:46:10 +0100},
  biburl    = {http://dblp2.uni-trier.de/rec/bib/books/sp/spes2016},
  bibsource = {dblp computer science bibliography, http://dblp.org}
}

@inproceedings{DBLP:conf/models/BoudjennahCELP15,
  author    = {Christophe Boudjennah and
               Beno{\^{\i}}t Combemale and
               Daniel Exertier and
               St{\'{e}}phane Lacrampe and
               Marie{-}Agn{\`{e}}s Peraldi{-}Frati},
  title     = {{CLARITY:} Open-Sourcing the Model-Based Systems Engineering Solution
               Capella},
  booktitle = {Proceedings of the International Workshop on Open Source Software
               for Model Driven Engineering co-located with {ACM/IEEE} 18th International
               Conference on Model Driven Engineering Languages and Systems {(MODELS}
               2015), Ottawa, Canada, September 29, 2015.},
  pages     = {13--19},
  year      = {2015},
  crossref  = {DBLP:conf/models/2015oss4mde},
  url       = {http://ceur-ws.org/Vol-1541/OSS4MDE_2015_paper_1.pdf},
  timestamp = {Mon, 30 May 2016 16:28:38 +0200},
  biburl    = {http://dblp2.uni-trier.de/rec/bib/conf/models/BoudjennahCELP15},
  bibsource = {dblp computer science bibliography, http://dblp.org}
}
@proceedings{DBLP:conf/models/2015oss4mde,
  editor    = {Francis Bordeleau and
               Jean{-}Michel Bruel and
               Juergen Dingel and
               Sebastien Gerard and
               Sebastian Voss},
  title     = {Proceedings of the International Workshop on Open Source Software
               for Model Driven Engineering co-located with {ACM/IEEE} 18th International
               Conference on Model Driven Engineering Languages and Systems {(MODELS}
               2015), Ottawa, Canada, September 29, 2015},
  series    = {{CEUR} Workshop Proceedings},
  volume    = {1541},
  publisher = {CEUR-WS.org},
  year      = {2015},
  url       = {http://ceur-ws.org/Vol-1541},
  urn       = {urn:nbn:de:0074-1541-3},
  timestamp = {Mon, 30 May 2016 16:28:38 +0200},
  biburl    = {http://dblp2.uni-trier.de/rec/bib/conf/models/2015oss4mde},
  bibsource = {dblp computer science bibliography, http://dblp.org}
}

@inproceedings{DBLP:conf/syscon/BonnetVEN16,
  author    = {St{\'{e}}phane Bonnet and
               Jean{-}Luc Voirin and
               Daniel Exertier and
               V{\'{e}}ronique Normand},
  title     = {Not (strictly) relying on SysML for {MBSE:} Language, tooling and
               development perspectives: The Arcadia/Capella rationale},
  booktitle = {Annual {IEEE} Systems Conference, SysCon 2016, Orlando, FL, USA, April
               18-21, 2016},
  pages     = {1--6},
  year      = {2016},
  crossref  = {DBLP:conf/syscon/2016},
  url       = {http://dx.doi.org/10.1109/SYSCON.2016.7490559},
  doi       = {10.1109/SYSCON.2016.7490559},
  timestamp = {Sat, 29 Oct 2016 16:43:28 +0200},
  biburl    = {http://dblp2.uni-trier.de/rec/bib/conf/syscon/BonnetVEN16},
  bibsource = {dblp computer science bibliography, http://dblp.org}
}
@proceedings{DBLP:conf/syscon/2016,
  title     = {Annual {IEEE} Systems Conference, SysCon 2016, Orlando, FL, USA, April
               18-21, 2016},
  publisher = {{IEEE}},
  year      = {2016},
  url       = {http://ieeexplore.ieee.org/xpl/mostRecentIssue.jsp?punumber=7484073},
  isbn      = {978-1-4673-9519-9},
  timestamp = {Sat, 29 Oct 2016 16:43:10 +0200},
  biburl    = {http://dblp2.uni-trier.de/rec/bib/conf/syscon/2016},
  bibsource = {dblp computer science bibliography, http://dblp.org}
}

@inproceedings{LucioRCA16,
  author    = {Levi L{\'{u}}cio and Salman Rahman and Chih-Hong Cheng and Alistair Mavin},
  title     = {Just Formal Enough? Automated Analysis of EARS Requirements},
  booktitle = {9th NASA Formal Methods Symposium NFM 2017, California, USA, May 16 - 18, 2017},
  note      = {To appear}, 
  year      = {2017},
}

@Inbook{Lara2002,
author="Lara, Juan de
and Vangheluwe, Hans",
editor="Kutsche, Ralf-Detlef
and Weber, Herbert",
title="AToM3: A Tool for Multi-formalism and Meta-modelling",
bookTitle="Fundamental Approaches to Software Engineering: 5th International Conference, FASE 2002 Held as Part of the Joint European Conferences on Theory and Practice of Software, ETAPS 2002 Grenoble, France, April 8--12, 2002 Proceedings",
year="2002",
publisher="Springer Berlin Heidelberg",
pages="174--188",
}

@inproceedings{DBLP:conf/models/SyrianiVMHME13,
  author    = {Eugene Syriani and
               Hans Vangheluwe and
               Raphael Mannadiar and
               Conner Hansen and
               Simon Van Mierlo and
               H{\"{u}}seyin Ergin},
  title     = {AToMPM: {A} Web-based Modeling Environment},
  booktitle = {Joint Proceedings of MODELS'13 Invited Talks, Demonstration Session,
               Poster Session, and {ACM} Student Research Competition co-located
               with the 16th International Conference on Model Driven Engineering
               Languages and Systems {(MODELS} 2013), Miami, USA, September 29 -
               October 4, 2013.},
  pages     = {21--25},
  year      = {2013},
}

@inproceedings{AF315,
  author    = {Vincent Aravantinos and
               Sebastian Voss and
               Sabine Teufl and
               Florian H{\"{o}}lzl and
               Bernhard Sch{\"{a}}tz},
  title     = {{AutoFOCUS 3: Tooling Concepts for Seamless, Model-based Development
               of Embedded Systems}},
  booktitle = {{ACES-MB} (co-located with {MoDELS})},
  pages     = {19--26},
  year      = {2015}
}

@inproceedings{wagelaar2006blackbox,
  title={Blackbox composition of model transformations using domain-specific modelling languages},
  author={Wagelaar, D.},
  booktitle={First European Workshop on Composition of Model Transformations-CMT 2006},
  pages={15},
  year={2006}
}

@incollection{transml,
year={2010},
isbn={978-3-642-16144-5},
booktitle={MODELS},
volume={6394},
series={LNCS},
doi={10.1007/978-3-642-16145-2_8},
title={{transML}: A Family of Languages to Model Model Transformations},
url={http://dx.doi.org/10.1007/978-3-642-16145-2_8},
publisher={Springer},
author={Guerra, Esther and Lara, Juan and Kolovos, Dimitrios S. and Paige, Richard F. and Santos, Osmar M.},
pages={106-120}
}

@inproceedings{Kolovos2008,
author = {Kolovos, Dimitrios S. and Paige, Richard F. and Polack, Fiona A.C.},
booktitle = {MDTPI Workshop, EC-MDA},
title = {{A framework for composing modular and interoperable model management tasks}},
url = {http://www-users.cs.york.ac.uk/~dkolovos/publications/AntWorkflow.pdf},
year = {2008}
}

@inproceedings{DBLP:conf/sdl/LucioMDVJ13,
  author    = {Levi Lucio and
               Sadaf Mustafiz and
               Joachim Denil and
               Hans Vangheluwe and
               Maris Jukss},
  title     = {{FTG+PM:} An Integrated Framework for Investigating Model Transformation
               Chains},
  booktitle = {{SDL} 2013: Model-Driven Dependability Engineering - 16th International
               {SDL} Forum, Montreal, Canada, June 26-28, 2013. Proceedings},
  pages     = {182--202},
  year      = {2013}
}

